@book{Niemann83KVM,
   author    = {Niemann, H.},
   title     = {Klassifikation von {M}ustern},
   year      = {1983},
   publisher = {Springer},
   address   = {Heidelberg},
}

